@inproceedings{krum,
  title={Machine learning with adversaries: Byzantine tolerant gradient descent},
  author={Blanchard, Peva and Guerraoui, Rachid and Stainer, Julien and others},
  booktitle={Advances in Neural Information Processing Systems},
  pages={119--129},
  year={2017}
}

@inproceedings{fedavg,
  title={Communication-efficient learning of deep networks from decentralized data},
  author={McMahan, Brendan and Moore, Eider and Ramage, Daniel and Hampson, Seth and y Arcas, Blaise Aguera},
  booktitle={Artificial Intelligence and Statistics},
  pages={1273--1282},
  year={2017}
}
